@article{nichol2021improved,
  title={Improved denoising diffusion probabilistic models},
  author={Nichol, Alex and Dhariwal, Prafulla},
  journal={arXiv preprint arXiv:2102.09672},
  year={2021}
}


@inproceedings{ho2020denoising,
  author    = {Jonathan Ho and Ajay Jain and Pieter Abbeel},
  title     = {Denoising Diffusion Probabilistic Models},
  booktitle = {Advances in Neural Information Processing Systems (NeurIPS)},
  year      = {2020},
  volume    = {33},
  pages     = {6840--6851},
  url       = {https://proceedings.neurips.cc/paper/2020/hash/4c5bcfec8584af0d967f1ab10179ca4b-Abstract.html}
}

@article{song2020denoising,
  title={Denoising Diffusion Implicit Models},
  author={Song, Jiaming and Meng, Chenlin and Ermon, Stefano},
  journal={arXiv preprint arXiv:2010.02502},
  year={2020}
}